@article{geant4,
      author         = "Asai, M.",
      title          = "{Geant4-a simulation toolkit}",
      journal        = "Trans.Amer.Nucl.Soc.",
      volume         = "95",
      pages          = "757",
      year           = "2006",
      reportNumber   = "SLAC-REPRINT-2006-223",
}

@article{neut,
      author         = "Hayato, Yoshinari",
      title          = "{A neutrino interaction simulation program library NEUT}",
      journal        = "Acta Phys.Polon.",
      volume         = "B40",
      pages          = "2477-2489",
      year           = "2009",
}

@article{genie,
author = "C. Andreopoulos and others",
collaboration = "GENIE Collaboration",
year = "2015",
archivePrefix = "arXiv",
eprint        = "1510.05494",
primaryClass  = "hep-ex"
}

@article{genie-2015,
author = "C. Andreopoulos and others",
collaboration = "GENIE Collaboration",
year = "2015",
archivePrefix = "arXiv",
eprint = "1512.06882",
primaryClass  = "hep-ex"
}

@article{NuWro,
  title = {Effects of final-state interactions in neutrino-nucleus interactions},
  author = {Golan, Tomasz and Juszczak, Cezary and Sobczyk, Jan T.},
  journal = {Phys. Rev. C},
  volume = {86},
  issue = {1},
  pages = {015505},
  numpages = {13},
  year = {2012},
  month = {Jul},
  publisher = {American Physical Society},
  doi = {10.1103/PhysRevC.86.015505},
  url = {http://link.aps.org/doi/10.1103/PhysRevC.86.015505}
}

@ARTICLE{fluka1,
   author = {{B{\"o}hlen}, T.~T. and others},
    title = "{The FLUKA Code: Developments and Challenges for High Energy and Medical Applications}",
  journal = {Nuclear Data Sheets},
     year = 2014,
    month = jun,
   volume = 120,
    pages = {211-214},
      doi = {10.1016/j.nds.2014.07.049},
   adsurl = {http://adsabs.harvard.edu/abs/2014NDS...120..211B},
  adsnote = {Provided by the SAO/NASA Astrophysics Data System}
}
@book{fluka2,
      author        = "Ferrari, A and Sala, Paola R and Fass√≤, A and Ranft,
                       Johannes",
      title         = "{FLUKA: A multi-particle transport code}",
      publisher     = "CERN",
      address       = "Geneva",
      year          = "2005",
      url           = "https://cds.cern.ch/record/898301",
}

@article{bertini,
title = "The Geant4 Bertini Cascade ",
journal = "Nuclear Instruments and Methods in Physics Research Section A: Accelerators, Spectrometers, Detectors and Associated Equipment ",
volume = "804",
pages = "175 - 188",
year = "2015",
issn = "0168-9002",
doi = "10.1016/j.nima.2015.09.058",
url = "http://www.sciencedirect.com/science/article/pii/S0168900215011134",
author = "D.H. Wright and M.H. Kelsey",
keywords = "Hadronic physics models",
keywords = "Simulation",
keywords = "Geant4 "
}

@article{cern-hera,
title = "Compilation of Cross Sections I: $\pi^+$ and $\pi^-$ Induced Reaction",
author = "V. Flaminio and W.G. Moorhead and D.R.O. Morrison and N. Rivoire",
year = "1983",
journal = "CERN-HERA",
volume = "83",
pages = "01",
}

@article{neut_fsi,
     author    = "de Perio, Patrick",
     title     = "{NEUT pion FSI}",
     journal   = "AIP Conf. Proc.",
     volume    = "1405",
     year      = "2011",
     pages     = "223-228",
     doi       = "10.1063/1.3661590",
}

@article{deperio:t2ktn032,
     author    = "P. de Perio and others",
     title     = "{NEUT Systematic Studies for 2010a Analysis}",
     year      = "2010",
     journal   = "T2K-TN-032"
}

@article{deperio:t2ktn033,
     author    = "P. de Perio and others",
     title     = "{NEUT Nuclear Effects (FSI)}",
     year      = "2010",
     journal   = "T2K-TN-033"
}

@Article{t2ktn108,
title = "{Cross section parameters for 2012a oscillation analysis}",
institution = "T2K",
number = "TN-108",
year = "2012",
author = "P. de Perio and others",
}

@Article{t2ktn192,
title = "{Cross section parameters for 2014 oscillation analysis}",
journal = "T2K-TN-192",
year = "2015",
author = "A. Bercellie and others",
}

@Article{t2ktn212,
     author    = "P. Bartet and others",
     title     = "{$\nu_{\mu}$ CC event selections in the ND280 tracker using Run 2+3+4 data}",
     year      = "2015",
     journal   = "T2K-TN-212",
}

@Article{t2ktn315,
     author    = "S. Bolognesi and others",
     title     = "{Updated recommendation of the 2017 NIWG parameters}",
     year      = "2017",
     journal   = "T2K-TN-315",
}

@Article{fsifitter,
journal = "FSIFitter package",
year = "2017",
note = {\href{https://repo.nd280.org/viewvc/T2K/NIWG/FSIFitter/}{https{://}repo.nd280.org/viewvc/T2K/NIWG/FSIFitter/}},
}

@Article{tmultidimfit,
journal = "TMultiDimFit - ROOT",
year = "2017",
note = {\href{https://root.cern.ch/doc/master/classTMultiDimFit.html}{https://root.cern.ch/doc/master/classTMultiDimFit.html}}
}

@Article{octave,
journal = "GNU-Octave n-dim interpolation",
note = {\href{https://www.gnu.org/software/octave/doc/interpreter/Multi\_002ddimensional-Interpolation.html}{https://www.gnu.org/software/octave/doc/}}
}

@article{Brun:root,
authors = "R.~Brun and F.~Rademakers",
title = "{ROOT - An Object Oriented Data Analysis Framework}", 
journal = {Nucl. Inst. \& Meth. in Phys.\ Res.\ A},
volume = {389},
year = {1997}
}

@article{jager:neut,
author = {Jager and others},
title = "Nuclear charge- and magnetization-density-distribution parameters from elastic electron scattering",
publisher = {Academic Press, Inc.},
year = {1974},
journal = {Atomic Data and Nuclear Data Tables},
volume = {14},
pages = {479}
}


@article{salcedo:pionfsi,
author = {L. L. Salcedo and others},
title = "COMPUTER SIMULATION OF INCLUSIVE PION NUCLEAR REACTIONS",
publisher = {North-Holland Physics},
year = {1988},
journal = {Nuclear Physics A},
volume = {484},
pages = {557}
}
@ARTICLE{bib:pdg,
AUTHOR = {Particle Data Group},
TITLE = "Review of {P}article {P}hysics",
JOURNAL = {J. Phys. G},
YEAR = {2010},
VOLUME = {37},
PAGES = {075021}
}
@article{Buss20121,
title = "Transport-theoretical description of nuclear reactions ",
journal = "Physics Reports ",
volume = "512",
number = "1-2",
pages = "1 - 124",
year = "2012",
issn = "0370-1573",
doi = "http://doi.org/10.1016/j.physrep.2011.12.001",
url = "http://www.sciencedirect.com/science/article/pii/S0370157311003619",
author = "O. Buss and others",
}

@article{ashery:piscat,
author = {D. Ashery and others},
title = {True absorption and scattering of pions on nuclei},
publisher = {APS},
year = {1981},
journal = {Physical Review C},
volume = {23},
number = {5},
pages = {2173}
}



@article{levenson:piscat,
author = {S. M. Levenson and others},
title = "Inclusive pion scattering in the {$\Delta$}(1232) region",
publisher = {APS},
year = {1983},
journal = {Physical Review C},
volume = {28},
number = {1},
pages = {326}
}



@article{ingram:piscat,
author = {C. H. Q. Ingram and others},
title = "Quasielastic scattering of pions from $^{16}${O} at energies around the {$\Delta$(1232)} resonance",
publisher = {APS},
year = {1983},
journal = {Physical Review C},
volume = {27},
number = {4},
pages = {1578}
}



@article{jones:piscat,
author = {M. K. Jones and others},
title = "Pion absorption above the {$\Delta$(1232)} resonance",
publisher = {APS},
year = {1993},
journal = {Physical Review C},
volume = {48},
number = {6},
pages = {2800}
}



@article{saunders:piscat,
author = {A. Saunders and others},
title = "Reaction and total cross sections for low energy $\pi^{+}$ and $\pi^{-}$ on isospin zero nuclei",
publisher = {APS},
year = {1996},
journal = {Physical Review C},
volume = {53},
number = {4},
pages = {1745}
}


@article{giannelli:piscat,
author = {Giannelli and others},
title = "Multiproton final states in positive pion absorption below the {$\Delta$}(1232) resonance",
publisher = {APS},
year = {2000},
journal = {Physical Review C},
volume = {61},
pages = {054615}
}



@article{ransome:piscat,
author = {Ransome and others},
title = "Pion absorption in heavy nuclei",
publisher = {APS},
year = {1991},
journal = {Physical Review C},
volume = {45},
number = {2},
pages = {509}
}


@article{allardyce:piscat,
author = {B. W. Allardyce and others},
title = "PION REACTION CROSS SECTIONS AND NUCLEAR SIZES",
publisher = {North-Holland Publishing Co.},
year = {1973},
journal = {Nuclear Physics A},
volume = {209},
pages = {1}
}


@article{cronin:piscat,
author = {J. W. Cronin and others},
title = "Cross {S}ections of {N}uclei for {H}igh-{E}nergy {P}ions",
publisher = {APS},
year = {1957},
journal = {Physical Review},
volume = {107},
number = {4},
pages = {1121}
}


@article{miller:piscat,
author = {R. H. Miller},
title = "Inelastic {S}cattering of 150 {M}e{V} {N}egative {P}ions by {C}arbon and {L}ead",
year = {1957},
journal = {Il Nuovo Cimento},
volume = {6},
number = {4},
pages = {882}
}

@article{crozon:piscat,
author = {M. Crozon and others},
title = "ETUDE DE LA DIFFUSION $\pi$-NOYAU ENTRE 500 ET 1300 {M}e{V}",
publisher = {North-Holland Publishing Co.},
year = {1964},
journal = {Nuclear Physics},
volume = {64},
pages = {567}
}

@article{binon:piscat,
author = {F. Binon and others},
title = "SCATTERING OF NEGATIVE PIONS ON CARBON",
publisher = {North-Holland Publishing Co.},
year = {1969},
journal = {Nuclear Physics B},
volume = {17},
pages = {168}
}

@article{wilkin:piscat,
author = {C. Wilkin and others},
title = "A COMPARISON OF $\pi^{+}$ AND $\pi^{-}$ TOTAL CROSS SECTIONS OF LIGHT NUCLEI NEAR THE 3-3 RESONANCE",
publisher = {North-Holland Publishing Co.},
year = {1973},
journal = {Nuclear Physics B},
volume = {62},
pages = {61}
}

@article{clough:piscat,
author = {A. S. Clough and others},
title = "PION-NUCLEUS TOTAL CROSS SECTIONS FROM 88 TO 860 {M}e{V}",
publisher = {North-Holland Publishing Co.},
year = {1974},
journal = {Nuclear Physics B},
volume = {76},
pages = {15}
}

@article{carroll:piscat,
author = {A. S. Carroll and others},
title = "Pion-nucleus total cross sections in the (3, 3) resonance region",
publisher = {APS},
year = {1976},
journal = {Physical Review C},
volume = {14},
number = {2},
pages = {635}
}

@article{nakai:piscat,
author = {K. Nakai and others},
title = "Measurements of {C}ross {S}ections for {P}ion {A}bsorption by {N}uclei",
publisher = {APS},
year = {1979},
journal = {Physical Review Letters},
volume = {44},
number = {22},
pages = {1446}
}

@article{bowles:piscat,
author = {T. J. Bowles and others},
title = "Inclusive ($\pi^{\pm}$, $\pi^{0}$) reactions in nuclei",
publisher = {APS},
year = {1981},
journal = {Physical Review C},
volume = {23},
number = {1},
pages = {439}
}

@article{navon:piscat,
author = {I. Navon and others},
title = "True absorption and scattering of 50 {M}e{V} pions",
publisher = {APS},
year = {1983},
journal = {Physical Review C},
volume = {28},
number = {6},
pages = {2548}
}

@article{ashery:pioncx,
author = {D. Ashery and others},
title = "Inclusive pion single-charge-exchange reactions",
publisher = {APS},
year = {1984},
journal = {Physical Review C},
volume = {30},
number = {3},
pages = {946}
}

@article{wood:piondcx,
author = {S. A. Wood and others},
title = "Systematics of inclusive pion double charge exchange in the delta resonance region",
publisher = {APS},
year = {1992},
journal = {Physical Review C},
volume = {46},
number = {5},
pages = {1903}
}

@article{takahashi:piscat,
author = {T. Takahashi and others},
title = "$\pi^{-}-^{12}C$ elastic scattering above the $\Delta$ resonance",
publisher = {APS},
year = {1995},
journal = {Physical Review C},
volume = {51},
number = {5},
pages = {2542}
}

@article{rowntree:piscat,
author = {D. Rowntree and others},
title = "$\pi^{+}$ absorption on {N} and {A}r",
publisher = {APS},
year = {1999},
journal = {Physical Review C},
volume = {60},
pages = {054610}
}

@article{gelderloos:piscat,
author = {C. J. Gelderloos and others},
title = "Reaction and total cross sections for 400 to 500 {M}e{V} $\pi^{-}$ on nuclei",
publisher = {APS},
year = {2000},
journal = {Physical Review C},
volume = {62},
pages = {024612}
}

@article{fujii:piscat,
author = {Y. Fujii and others},
title = "Quasielastic $\pi^{-}$-nucleus scattering at 950 {M}e{V}/$c$",
publisher = {APS},
year = {2001},
journal = {Physical Review C},
volume = {64},
pages = {034608}
}

@article{aoki:piscat,
author = {K. Aoki and others},
title = "Elastic and inelastic scattering of $\pi^{+}$ and $\pi^{-}$ on $^{12}$C at 995 {M}e{V}/$c$",
publisher = {APS},
year = {2007},
journal = {Physical Review C},
volume = {76},
pages = {024610}
}



@article{grion:piscat,
author = {N. Grion and others},
title = "Pion production by pions in the $^{16}${O}$(\pi^+,\pi^+\pi^-)$ reaction at ${T}_{\pi^+}=280$~{M}e{V}",
year = {1989},
journal = {Nuclear Physics A},
volume = {492},
pages = {509}
}



@article{rahav:piscat,
author = {A. Rahav and others},
title = "Measurement of the $^{12}$C$(\pi,2\pi)$ {R}eactions and {P}ossible {E}vidence of a {D}ouble-${\Delta}$ {E}xcitation",
year = {1991},
journal = {Physical Review Letters},
volume = {66},
number = {10},
pages = {1279}
}


@Article{Bellotti1973_abs:piscat,
author="Bellotti, E.
and Cavalli, D.
and Matteuzzi, C.",
title="Positive-pion absorption by C nuclei at 130 MeV",
journal="Il Nuovo Cimento A (1965-1970)",
year="1973",
volume="18",
number="1",
pages="75--93",
issn="1826-9869",
doi="10.1007/BF02820838",
url="http://dx.doi.org/10.1007/BF02820838"
}
@Article{Bellotti1973_cx:piscat,
author="Bellotti, E.
and Bonetti, S.
and Cavalli, D.
and Matteuzzi, C.",
journal="Il Nuovo Cimento A (1965-1970)",
year="1973",
volume="14",
number="3",
pages="567--590",
issn="1826-9869",
doi="10.1007/BF02756275",
url="http://dx.doi.org/10.1007/BF02756275"
}

@article{Hilscher:piscat,
title = "Charge exchange of 70 MeV œÄ‚àí on {C, Al, Cu} and {Pb} ",
journal = "Nuclear Physics A ",
volume = "158",
number = "2",
pages = "602 - 606",
year = "1970",
issn = "0375-9474",
doi = "http://dx.doi.org/10.1016/0375-9474(70)90208-3",
url = "http://www.sciencedirect.com/science/article/pii/0375947470902083",
author = "H. Hilscher and others",
}

@article{Meirav:piscat,
  title = {Low energy pion-nucleus potentials from differential and integral data},
  author = {Meirav, O. and Friedman, E. and Johnson, R. R. and Olszewski, R. and Weber, P.},
  journal = {Phys. Rev. C},
  volume = {40},
  issue = {2},
  pages = {843--849},
  numpages = {0},
  year = {1989},
  month = {Aug},
  publisher = {American Physical Society},
  doi = {10.1103/PhysRevC.40.843},
  url = {http://link.aps.org/doi/10.1103/PhysRevC.40.843}
}

@article{duet:piscat,
  title = "Measurement of ${\ensuremath{\sigma}}_{\mathrm{ABS}}$ and ${\ensuremath{\sigma}}_{\mathrm{CX}}$ of ${\ensuremath{\pi}}^{+}$ on carbon by the Dual Use Experiment at {TRIUMF (DUET)}",
  author = {Pinzon Guerra, E. S. and others},
  collaboration = {DUET Collaboration},
  journal = {Phys. Rev. C},
  volume = {95},
  issue = {4},
  pages = {045203},
  numpages = {10},
  year = {2017},
  month = {Apr},
  publisher = {American Physical Society},
  doi = {10.1103/PhysRevC.95.045203},
  url = {https://link.aps.org/doi/10.1103/PhysRevC.95.045203}
}

@article{duet-asbcx:piscat,
  title = {Measurement of absorption and charge exchange of ${\ensuremath{\pi}}^{+}$ on carbon},
  author = {Ieki, K. and others},
  collaboration = {DUET Collaboration},
  journal = {Phys. Rev. C},
  volume = {92},
  issue = {3},
  pages = {035205},
  numpages = {18},
  year = {2015},
  month = {Sep},
  publisher = {American Physical Society},
  doi = {10.1103/PhysRevC.92.035205},
  url = {https://link.aps.org/doi/10.1103/PhysRevC.92.035205}
}

@article{minuit,
title = "Minuit - a system for function minimization and analysis of the parameter errors and correlations",
journal = "Computer Physics Communications",
volume = "10",
number = "6",
pages = "343 - 367",
year = "1975",
note = "",
issn = "0010-4655",
doi = "http://dx.doi.org/10.1016/0010-4655(75)90039-9",
url = "http://www.sciencedirect.com/science/article/pii/0010465575900399",
author = "F. James and M. Roos"
}

@article{diagonalization,
  title = {Data set diagonalization in a global fit},
  author = {Pumplin, Jon},
  journal = {Phys. Rev. D},
  volume = {80},
  issue = {3},
  pages = {034002},
  numpages = {9},
  year = {2009},
  month = {Aug},
  publisher = {American Physical Society},
  doi = {10.1103/PhysRevD.80.034002},
  url = {https://link.aps.org/doi/10.1103/PhysRevD.80.034002}
}


@phdthesis{elder-thesis,
     author    = "Pinzon Guerra, E. S.",
     title     = "{Measurement of pion-carbon cross sections at DUET and measurement of neutrino oscillation parameters at the T2K experiment}",
     school    = "York University",
     year      = "2017",
}


@phdthesis{deperio-thesis,
author = "P. de Perio",
title = "Joint Three-Flavour Oscillation Analysis of $\nu_{\mu}$ Disappearance and $\nu_e$ Appearance in the T2K Neutrino Beam",
school = "University of Toronto",
year = "2014"
}

@article{niwg_paper,
  title = {Testing charged current quasi-elastic and multinucleon interaction models in the NEUT neutrino interaction generator with published datasets from the MiniBooNE and MINER\ensuremath{\nu}A experiments},
  author = {Wilkinson, C. and Terri, R. and Andreopoulos, C. and Bercellie, A. and Bronner, C. and Cartwright, S. and de Perio, P. and Dobson, J. and Duffy, K. and Furmanski, A. P. and Haegel, L. and Hayato, Y. and Kaboth, A. and Mahn, K. and McFarland, K. S. and Nowak, J. and Redij, A. and Rodrigues, P. and S\'anchez, F. and Schwehr, J. D. and Sinclair, P. and Sobczyk, J. T. and Stamoulis, P. and Stowell, P. and Tacik, R. and Thompson, L. and Tobayama, S. and Wascko, M. O. and \ifmmode \dot{Z}\else \.{Z}\fi{}muda, J.},
  journal = {Phys. Rev. D},
  volume = {93},
  issue = {7},
  pages = {072010},
  numpages = {19},
  year = {2016},
  month = {Apr},
  publisher = {American Physical Society},
  doi = {10.1103/PhysRevD.93.072010},
  url = {https://link.aps.org/doi/10.1103/PhysRevD.93.072010}
}

@article{pumplin2000_pdfs,
      author         = "Pumplin, J. and Stump, D.R. and Tung, W.K.",
      title          = "{Multivariate fitting and the error matrix in global
                        analysis of data}",
      journal        = "Phys. Rev.",
      volume         = "D65",
      pages          = "014011",
      doi            = "10.1103/PhysRevD.65.014011",
      year           = "2001",
      eprint         = "hep-ph/0008191",
      archivePrefix  = "arXiv",
      primaryClass   = "hep-ph",
      reportNumber   = "MSU-HEP-07100, CERN-TH-2000-249",
      SLACcitation   = "%%CITATION = HEP-PH/0008191;%%",
}

@article{Mahn:2018mai,
      author         = "Mahn, Kendall and Marshall, Chris and Wilkinson, Callum",
      title          = "{Progress in measurements of 0.1-10 GeV neutrino-nucleus
                        scattering and anticipated results from future
                        experiments}",
      year           = "2018",
      eprint         = "1803.08848",
      archivePrefix  = "arXiv",
      primaryClass   = "hep-ex",
      SLACcitation   = "%%CITATION = ARXIV:1803.08848;%%"
}


@article{Katori:2016yel,
      author         = "Katori, Teppei and Martini, Marco",
      title          = "{Neutrino‚Äìnucleus cross sections for oscillation
                        experiments}",
      journal        = "J. Phys.",
      volume         = "G45",
      year           = "2018",
      number         = "1",
      pages          = "013001",
      doi            = "10.1088/1361-6471/aa8bf7",
      eprint         = "1611.07770",
      archivePrefix  = "arXiv",
      primaryClass   = "hep-ph",
      SLACcitation   = "%%CITATION = ARXIV:1611.07770;%%"
}

@article{Alvarez-Ruso:2014bla,
      author         = "Alvarez-Ruso, L. and Hayato, Y. and Nieves, J.",
      title          = "{Progress and open questions in the physics of neutrino
                        cross sections at intermediate energies}",
      journal        = "New J. Phys.",
      volume         = "16",
      year           = "2014",
      pages          = "075015",
      doi            = "10.1088/1367-2630/16/7/075015",
      eprint         = "1403.2673",
      archivePrefix  = "arXiv",
      primaryClass   = "hep-ph",
      SLACcitation   = "%%CITATION = ARXIV:1403.2673;%%"
}

@article{Garvey:2014exa,
      author         = "Garvey, G. T. and Harris, D. A. and Tanaka, H. A. and
                        Tayloe, R. and Zeller, G. P.",
      title          = "{Recent Advances and Open Questions in Neutrino-induced
                        Quasi-elastic Scattering and Single Photon Production}",
      journal        = "Phys. Rept.",
      volume         = "580",
      year           = "2015",
      pages          = "1-45",
      doi            = "10.1016/j.physrep.2015.04.001",
      eprint         = "1412.4294",
      archivePrefix  = "arXiv",
      primaryClass   = "hep-ex",
      reportNumber   = "INT-PUB-14-059, FERMILAB-CONF-14-484-E",
      SLACcitation   = "%%CITATION = ARXIV:1412.4294;%%"
}

@article{Alvarez-Ruso:2017oui,
      author         = "Alvarez-Ruso, L. and others",
      title          = "{NuSTEC White Paper: Status and Challenges of
                        Neutrino-Nucleus Scattering}",
      year           = "2017",
      eprint         = "1706.03621",
      archivePrefix  = "arXiv",
      primaryClass   = "hep-ph",
      reportNumber   = "FERMILAB-PUB-17-195-ND-T, INT-PUB-17-020",
      SLACcitation   = "%%CITATION = ARXIV:1706.03621;%%"
}


@article{Mosel:2016cwa,
      author         = "Mosel, Ulrich",
      title          = "{Neutrino Interactions with Nucleons and Nuclei:
                        Importance for Long-Baseline Experiments}",
      journal        = "Ann. Rev. Nucl. Part. Sci.",
      volume         = "66",
      year           = "2016",
      pages          = "171-195",
      doi            = "10.1146/annurev-nucl-102115-044720",
      eprint         = "1602.00696",
      archivePrefix  = "arXiv",
      primaryClass   = "nucl-th",
      SLACcitation   = "%%CITATION = ARXIV:1602.00696;%%"
}

@Article{long_prd,
 author        = "K. Abe and others",
 collaboration = "T2K",
 title         = "Measurements of neutrino oscillation in appearance and disappearance channels by the T2K experiment with 6.6E20 protons on target",
 journal       = "Phys. Rev.",
 volume        = "D91",
 pages         = "072010",
 year          = "2015",
 eprint        = "1502.01550",
 archivePrefix = "arXiv",
 primaryclass = "hep-ex",
}

@article{Abe:2018wpn,
      author         = "Abe, K. and others",
      title          = "{Search for CP violation in Neutrino and Antineutrino
                        Oscillations by the T2K experiment with $2.2\times10^{21}$
                        protons on target}",
      year           = "2018",
      eprint         = "1807.07891",
      archivePrefix  = "arXiv",
      primaryClass   = "hep-ex",
      SLACcitation   = "%%CITATION = ARXIV:1807.07891;%%"
}


@Article{t2k-nim,
  title = "The {T2K} experiment ",
  author = "Abe, K. and others",
  collaboration = "T2K Collaboration",
  journal = "Nuclear Instruments and Methods in Physics Research Section A:
Accelerators, Spectrometers, Detectors and Associated Equipment ",
  pages = "106--135",
  volume = "659",
  number = "1",
  year = "2011",
  issn = "0168-9002",
  note = "",
  keywords = "Neutrinos",
  url = "http://www.sciencedirect.com/science/article/pii/S0168900211011910",
  doi = "http://dx.doi.org/10.1016/j.nima.2011.06.067",
  keywords1 = "Neutrino oscillation",
  keywords2 = "Long baseline",
  keywords3 = "T2K Collaboration",
  keywords4 = "J-PARC",
  keywords5 = "Super-Kamiokande "
}

@Article{Abe:2017vif,
 author        = "K. Abe and others",
 collaboration = "T2K",
 title         = "Measurement of neutrino and antineutrino oscillations by the T2K experiment including a new additional sample of $\nu_e$ interactions at the far detector",
 journal       = "Phys.Rev.",
 volume        = "D96",
 pages         = "092006",
 year          = "2017",
 eprint        = "1707.01048",
 archivePrefix = "arXiv",
 primaryclass = "hep-ex",
}

@article{Abi:2017aow,
      author         = "Abi, B. and others",
      title          = "{The Single-Phase ProtoDUNE Technical Design Report}",
      collaboration  = "DUNE",
      year           = "2017",
      eprint         = "1706.07081",
      archivePrefix  = "arXiv",
      primaryClass   = "physics.ins-det",
      reportNumber   = "FERMILAB-DESIGN-2017-02",
      SLACcitation   = "%%CITATION = ARXIV:1706.07081;%%"
}

@article{Cavanna:2014iqa,
      author         = "Cavanna, F. and Kordosky, M. and Raaf, J. and Rebel, B.",
      title          = "{LArIAT: Liquid Argon In A Testbeam}",
      collaboration  = "LArIAT",
      year           = "2014",
      eprint         = "1406.5560",
      archivePrefix  = "arXiv",
      primaryClass   = "physics.ins-det",
      reportNumber   = "FERMILAB-PUB-14-268-E",
      SLACcitation   = "%%CITATION = ARXIV:1406.5560;%%"
}

@article{Acciarri:2015uup,
      author         = "Acciarri, R. and others",
      title          = "{Long-Baseline Neutrino Facility (LBNF) and Deep
                        Underground Neutrino Experiment (DUNE)}",
      collaboration  = "DUNE",
      year           = "2015",
      eprint         = "1512.06148",
      archivePrefix  = "arXiv",
      primaryClass   = "physics.ins-det",
      reportNumber   = "FERMILAB-DESIGN-2016-02",
      SLACcitation   = "%%CITATION = ARXIV:1512.06148;%%"
}

@article{Abe:2011ks,
      author         = "Abe, K. and others",
      title          = "{The T2K Experiment}",
      collaboration  = "T2K",
      journal        = "Nucl. Instrum. Meth.",
      volume         = "A659",
      year           = "2011",
      pages          = "106-135",
      doi            = "10.1016/j.nima.2011.06.067",
      eprint         = "1106.1238",
      archivePrefix  = "arXiv",
      primaryClass   = "physics.ins-det",
      SLACcitation   = "%%CITATION = ARXIV:1106.1238;%%"
}

@techreport{Hyper-Kamiokande:2016dsw,
      title          = "{Hyper-Kamiokande Design Report}",
      collaboration  = "Hyper-Kamiokande",
      year           = "2016",
      Number   = "KEK-PREPRINT-2016-21, ICRR-REPORT-701-2016-1",
      SLACcitation   = "%%CITATION = KEK-PREPRINT-2016-21;%%"
}


@article{scinet,
  author={Chris Loken and Daniel Gruner and Leslie Groer and Richard Peltier and Neil Bunn and Michael Craig and Teresa
Henriques and Jillian Dempsey and Ching-Hsing Yu and Joseph Chen and L Jonathan Dursi and Jason Chong and Scott
Northrup and Jaime Pinto and Neil Knecht and Ramses Van Zon},
  title={SciNet: Lessons Learned from Building a Power-efficient Top-20 System and Data Centre},
  journal={Journal of Physics: Conference Series},
  volume={256},
  number={1},
  pages={012026},
  url={http://stacks.iop.org/1742-6596/256/i=1/a=012026},
  year={2010}
}


@article{ingrid,
title = "Measurements of the T2K neutrino beam properties using the INGRID on-axis near detector",
journal = "Nuclear Instruments and Methods in Physics Research Section A: Accelerators, Spectrometers, Detectors and Associated Equipment",
volume = "694",
pages = "211 - 223",
year = "2012",
issn = "0168-9002",
doi = "https://doi.org/10.1016/j.nima.2012.03.023",
url = "http://www.sciencedirect.com/science/article/pii/S0168900212002987",
author = "K. Abe and others",
keywords = "Neutrino oscillation, T2K, Neutrino beam, Neutrino detector, Extruded scintillator, Wavelength shifting fiber"
}

@article{Aliaga:2013uqz,
      author         = "Aliaga, L. and others",
      title          = "{Design, Calibration, and Performance of the MINERvA
                        Detector}",
      collaboration  = "MINERvA",
      journal        = "Nucl. Instrum. Meth.",
      volume         = "A743",
      year           = "2014",
      pages          = "130-159",
      doi            = "10.1016/j.nima.2013.12.053",
      eprint         = "1305.5199",
      archivePrefix  = "arXiv",
      primaryClass   = "physics.ins-det",
      reportNumber   = "FERMILAB-PUB-13-111-E",
      SLACcitation   = "%%CITATION = ARXIV:1305.5199;%%"
}


@article{Fields:2013zhk,
      author         = "Fields, L. and others",
      title          = "{Measurement of Muon Antineutrino Quasielastic Scattering
                        on a Hydrocarbon Target at EŒΩ‚àº3.5‚Äâ‚ÄâGeV}",
      collaboration  = "MINERvA",
      journal        = "Phys. Rev. Lett.",
      volume         = "111",
      year           = "2013",
      number         = "2",
      pages          = "022501",
      doi            = "10.1103/PhysRevLett.111.022501",
      eprint         = "1305.2234",
      archivePrefix  = "arXiv",
      primaryClass   = "hep-ex",
      reportNumber   = "FERMILAB-PUB-13-147-E",
      SLACcitation   = "%%CITATION = ARXIV:1305.2234;%%"
}


@article{nova-simulation,
author={A Aurisano and C Backhouse and R Hatcher and N Mayer and J Musser and R Patterson and R Schroeter and A Sousa},
title={The NOvA simulation chain},
journal={Journal of Physics: Conference Series},
volume={664},
number={7},
pages={072002},
url={http://stacks.iop.org/1742-6596/664/i=7/a=072002},
year={2015}
}

@article{intranuke,
      author         = "Dytman, Steven",
      title          = "{Final state interactions in neutrino-nucleus
                        experiments}",
      booktitle      = "{Neutrino interactions: From theory to Monte Carlo
                        simulations. Proceedings, 45th Karpacz Winter School in
                        Theoretical Physics, Ladek-Zdroj, Poland, February 2-11,
                        2009}",
      journal        = "Acta Phys. Polon.",
      volume         = "B40",
      year           = "2009",
      pages          = "2445-2460",
      SLACcitation   = "%%CITATION = APPOA,B40,2445;%%"
}

@unpublished{hN_trento,
title= "{GENIE FSI overview}",
author = {G. Perdue and S. Dytman},
year = {July, 2018},
note= {"Modeling neutrino-nucleus interactions", European Centre of Theoretical Nuclear Physics, Trento, Italy},
}